<?xml version="1.0" encoding="UTF-8"?><record xmlns="http://www.loc.gov/MARC21/slim" xmlns:cinclude="http://apache.org/cocoon/include/1.0" xmlns:zs="http://www.loc.gov/zing/srw/">
  <leader>00434nz  a2200133n  4500</leader>
  <controlfield tag="001">nr2006012973</controlfield>
  <controlfield tag="003">DLC</controlfield>
  <controlfield tag="005">20060516033103.0</controlfield>
  <controlfield tag="008">060512n| acannaabn          |n aaa     c</controlfield>
  <datafield tag="010" ind1=" " ind2=" ">
    <subfield code="a">nr2006012973</subfield>
  </datafield>
  <datafield tag="040" ind1=" " ind2=" ">
    <subfield code="a">UkCU</subfield>
    <subfield code="b">eng</subfield>
    <subfield code="c">UkCU</subfield>
  </datafield>
  <datafield tag="100" ind1="1" ind2=" ">
    <subfield code="a">Giudici, Mario</subfield>
  </datafield>
  <datafield tag="670" ind1=" " ind2=" ">
    <subfield code="a">Relazioni industriali, c2004:</subfield>
    <subfield code="b">t.p. (Marco Giudici)</subfield>
  </datafield>
  <datafield tag="670" ind1=" " ind2=" ">
    <subfield code="a">Edizioni FrancoAngeli website, May 12 2006</subfield>
    <subfield code="b">(Mario Giudici, expert on industrial relations and trade unions)</subfield>
  </datafield>
</record>